<?xml version="1.0" encoding="UTF-8"?><record xmlns="http://www.loc.gov/MARC21/slim" xmlns:cinclude="http://apache.org/cocoon/include/1.0" xmlns:zs="http://www.loc.gov/zing/srw/">
  <leader>00631cz  a2200145n  4500</leader>
  <controlfield tag="001">n  82131102 </controlfield>
  <controlfield tag="003">DLC</controlfield>
  <controlfield tag="005">20130319161759.0</controlfield>
  <controlfield tag="008">821217n| azannaab           |a aaa      </controlfield>
  <datafield tag="010" ind1=" " ind2=" ">
    <subfield code="a">n  82131102 </subfield>
  </datafield>
  <datafield tag="040" ind1=" " ind2=" ">
    <subfield code="a">DLC</subfield>
    <subfield code="b">eng</subfield>
    <subfield code="e">rda</subfield>
    <subfield code="c">DLC</subfield>
    <subfield code="d">DLC</subfield>
  </datafield>
  <datafield tag="100" ind1="1" ind2=" ">
    <subfield code="a">Qalqashandī, Aḥmad ibn ʻAlī,</subfield>
    <subfield code="d">1355 or 1356-1418.</subfield>
    <subfield code="t">Ṣubḥ al-aʻshá</subfield>
  </datafield>
  <datafield tag="400" ind1="1" ind2=" ">
    <subfield code="a">Qalqashandī, Aḥmad ibn ʻAlī,</subfield>
    <subfield code="d">1355 or 1356-1418.</subfield>
    <subfield code="t">Min Kitāb Ṣubḥ al-aʻshā fī kitābat al-inshā</subfield>
  </datafield>
  <datafield tag="400" ind1="1" ind2=" ">
    <subfield code="w">nnea</subfield>
    <subfield code="a">Qalqashandī, Aḥmad ibn ʻAlī,</subfield>
    <subfield code="d">1355 or 6-1418.</subfield>
    <subfield code="t">Ṣubḥ al-aʻshá</subfield>
  </datafield>
  <datafield tag="670" ind1=" " ind2=" ">
    <subfield code="a">His Min Kitāb Ṣubh al-aʻshá fī kitābat al-inshā, v. 1, 1981-</subfield>
  </datafield>
</record>